@inproceedings{pujolle2006autonomic,
  title={An autonomic-oriented architecture for the internet of things},
  author={Pujolle, Guy},
  booktitle={Modern Computing, 2006. JVA'06. IEEE John Vincent Atanasoff 2006 International Symposium on},
  pages={163--168},
  year={2006}, 
  organization={IEEE}
}
@COMMENT{manate2013towards,
	title={Towards a scalable multi-agent architecture for managing iot data},
	author={Manate, Bogdan and Munteanu, Victor Ion and Fortis, Teodor-Florin},
	booktitle={P2P, Parallel, Grid, Cloud and Internet Computing (3PGCIC), 2013 Eighth International Conference on},
	pages={270--275},
	year={2013},
	organization={IEEE}
}
@article{lee153multi,
	title={A Multi-agent based Facility Maintenance Planning and Monitoring System: A Case Study},
	author={Lee, JaeHoon and Lee, MyungSoo and Lee, SangHoon and Oh, SeGhok and Jang, JoongSoon},
	journal={Korea},
	volume={153},
	pages={759},
	year={2012}
}
@inproceedings{vermaak2007multi,
	title={Multi-Agent Systems based Intelligent Maintenance Management for a Component-Handling Platform},
	author={Vermaak, Herman and Kinyua, Johnson},
	booktitle={Automation Science and Engineering, 2007. CASE 2007. IEEE International Conference on},
	pages={1057--1062},
	year={2007},
	organization={IEEE}
}
@article{feng2014multi,
	title={A multi-agent based intelligent configuration method for aircraft fleet maintenance personnel},
	author={Feng, Qiang and Li, Songjie and Sun, Bo},
	journal={Chinese Journal of Aeronautics},
	volume={27},
	number={2},
	pages={280--290},
	year={2014},
	publisher={Elsevier}
}
@article{zheng2014cloud,
	title={Cloud service negotiation in internet of things environment: a mixed approach},
	author={Zheng, Xianrong and Martin, Patrick and Brohman, Kathryn and Da Xu, Li},
	journal={Industrial Informatics, IEEE Transactions on},
	volume={10},
	number={2},
	pages={1506--1515},
	year={2014},
	publisher={IEEE}
}
@article{dey2004decision,
	title={Decision support system for inspection and maintenance: a case study of oil pipelines},
	author={Dey, Prasanta Kumar},
	journal={Engineering Management, IEEE Transactions on},
	volume={51},
	number={1},
	pages={47--56},
	year={2004},
	publisher={IEEE}
}
@book{leitao2015industrial,
	title={Industrial Agents: Emerging Applications of Software Agents in Industry},
	author={Leit{\~a}o, Paulo and Karnouskos, Stamatis},
	year={2015},
	publisher={Morgan Kaufmann}
}
@article{rabelo1999multi,
	title={Multi-agent-based agile scheduling},
	author={Rabelo, Ricardo J and Camarinha-Matos, Luis M and Afsarmanesh, Hamideh},
	journal={Robotics and Autonomous Systems},
	volume={27},
	number={1},
	pages={15--28},
	year={1999},
	publisher={Elsevier}
}
@inproceedings{pipattanasomporn2009multi,
	title={Multi-agent systems in a distributed smart grid: Design and implementation},
	author={Pipattanasomporn, Manisa and Feroze, Hassan and Rahman, S},
	booktitle={Power Systems Conference and Exposition, 2009. PSCE'09. IEEE/PES},
	pages={1--8},
	year={2009},
	organization={IEEE}
}

@article{yu2003multi,
	title={A multi-agents based E-maintenance system with case-based reasoning decision support},
	author={Yu, Ren and Iung, Benoit and Panetto, Herv{\'e}},
	journal={Engineering Applications of Artificial Intelligence},
	volume={16},
	number={4},
	pages={321--333},
	year={2003},
	publisher={Elsevier}
}
@article{anumba2003negotiation,
	title={Negotiation within a multi-agent system for the collaborative design of light industrial buildings},
	author={Anumba, CJ and Ren, Z and Thorpe, A and Ugwu, OO and Newnham, L},
	journal={Advances in Engineering Software},
	volume={34},
	number={7},
	pages={389--401},
	year={2003},
	publisher={Elsevier}
}

@article{zhou2004bus,
	title={Bus maintenance scheduling using multi-agent systems},
	author={Zhou, R and Fox, B and Lee, HP and Nee, AYC},
	journal={Engineering Applications of Artificial Intelligence},
	volume={17},
	number={6},
	pages={623--630},
	year={2004},
	publisher={Elsevier}
}
@article{vinyals2010survey,
	title={A survey on sensor networks from a multiagent perspective},
	author={Vinyals, Meritxell and Rodriguez-Aguilar, Juan A and Cerquides, Jesus},
	journal={The Computer Journal},
	volume = {54}, 
	number = {3}, 	
	pages = {455-470}, 
	year = {2011}, 
	publisher={Br Computer Soc}
}
@article{smith1980communication,
	title={Communication and control in problem solver},
	author={Smith, R},
	journal={IEEE Transactions on computers},
	volume={29},
	number={12},
	pages={1104--1113},
	year={1980}
}
@online{mckinsey2014digitizing,
	author = {Martinotti, Stefano and Nolten, Jim  and Steinsb\o{},Jens Arne
	},
	title = {Digitizing oil and gas production},
	year = {2014},
	url = {http://www.mckinsey.com/industries/oil-and-gas/our-insights/digitizing-oil-and-gas-production},
	organization = {McKinsey},
	month = {August},
	urldate = {2016-03-09}
}
@online{mapr2015predicitive,
	author = {Nori, Sameer},
	title = {Predictive Maintenance Using Hadoop for the Oil and Gas Industry},
	url = {https://www.mapr.com/blog/predictive-maintenance-using-hadoop-oil-and-gas-industry},
	organization = {MAPR},
	month = {June},
	year = {2015},
	urldate = {2016-03-09}
}
@online{microsoft2015azure,
	author = {Edson, Barb },
	title = {Azure IoT Suite predictive maintenance now available},
	url = {https://blogs.microsoft.com/iot/2015/12/01/azure-iot-suite-predictive-maintenance-now-available/},
	organization = {Microsoft},
	month = {December},
	year = {2015},
	urldate = {2016-03-09}
}
@online{accenture2015digital,
	author = {Holsman, Rich and Hoppe, Randall},
	title = {Digital energy survey 2015 from Accenture and Microsoft},
	year = {2015},
	url = {www.accenture.com/digitalenergysurvey2015},
	organization = {Accenture and Microsoft},
	urldate = {2016-03-09}
}
@book{wooldridge2009introduction,
	title={An Introduction to Multiagent Systems},
	author={Wooldridge, Michael},
	year={2009},
	publisher={John Wiley \& Sons}
}
@book{fisher1987getting,
	title={Getting to Yes},
	author={Fisher, Roger and Ury, William and Patton, Bruce},
	year={1987},
	publisher={Simon \& Schuster Sound Ideas}
}
@online{deloitte2015crude,
	author = {Bashir,Hassan},
	title = {Crude awakening},
	date = {2015},
	url = {http://www2.deloitte.com/uk/en/pages/energy-and-resources/articles/crude-awakening.html},
	subtitle = {The impact of plummeting crude oil prices on company finances},
	organization = {Deloitte},
	year = {2015},
	urldate = {2016-03-14},
}
@online{accenture2015AI,
	author = {Aizenberg, Alexander},
	title = {Accenture Expands Global Artificial Intelligence Capabilities and {R}\&{D} Agenda},
	date = {10-05-2015},
	url = {https://newsroom.accenture.com/news/accenture-expands-global-artificial-intelligence-capabilities-and-r-and-d-agenda.htm},
	organization = {Accenture},
	month = {November},
	year = {2015},
	urldate = {2016-03-14},
}
@online{deloitte2015connected,
	author = {Slaughter,Andrew and Bean,  Gregory and Mittal, Anshu},
	title = {Connected barrels},
	date = {2015-08-14},
	url = {http://dupress.com/articles/internet-of-things-iot-in-oil-and-gas-industry/},
	subtitle = {Transforming oil and gas strategies
	with the Internet of Things},
	organization = {Deloitte},
	month = {august},
	year = {2015},
	urldate = {2016-03-14},
}
@book{hevner2010design,
	title={Design Science Research in Information Systems},
	author={Hevner, Alan and Chatterjee, Samir},
	year={2010},
	publisher={Springer}
}
@book{fatima2014principles,
	title={Principles of Automated Negotiation},
	author={Fatima, Shaheen and Kraus, Sarit and Wooldridge, Michael},
	year={2014},
	publisher={Cambridge University Press}
}
@book{bellifemine2007developing,
	title={Developing multi-agent systems with JADE},
	author={Bellifemine, Fabio Luigi and Caire, Giovanni and Greenwood, Dominic},
	volume={7},
	year={2007},
	publisher={John Wiley \& Sons}
}
@article{wangermann1998principled,
	title={Principled negotiation between intelligent agents: a model for air traffic management},
	author={Wangermann, John P and Stengel, Robert F},
	journal={Artificial Intelligence in Engineering},
	volume={12},
	number={3},
	pages={177--187},
	year={1998},
	publisher={Elsevier}
}
@article{fatima2004agenda,
	title={An agenda-based framework for multi-issue negotiation},
	author={Fatima, Shaheen S and Wooldridge, Michael and Jennings, Nicholas R},
	journal={Artificial Intelligence},
	volume={152},
	number={1},
	pages={1--45},
	year={2004},
	publisher={Elsevier}
}
@inproceedings{rao1995bdi,
	title={BDI agents: From theory to practice.},
	author={Rao, Anand S and Georgeff, Michael P and others},
	booktitle={ICMAS},
	volume={95},
	pages={312--319},
	year={1995}
}
@book{weiss2000multiagent,
	title =     {Multiagent Systems: A Modern Approach to Distributed Artificial Intelligence},
	author =    {Gerhard Weiss},
	publisher = {The MIT Press},
	isbn =      {0262731312,9780262731317},
	year =      {2000},
	series =    {},
	edition =   {New edition},
	volume =    {},
	url =       {http://gen.lib.rus.ec/book/index.php?md5=F4038AAE7CAF88DCCD50848ED6AD339A}
}

@article{trappey2013multi,
	title={A multi-agent collaborative maintenance platform applying game theory negotiation strategies},
	author={Trappey, Amy JC and Trappey, Charles V and Ni, Wei-Chun},
	journal={Journal of Intelligent Manufacturing},
	volume={24},
	number={3},
	pages={613--623},
	year={2013},
	publisher={Springer}
}
@article{parunak1999industrial,
	title={Industrial and practical applications of DAI},
	author={Parunak, H Van Dyke},
	journal={Multiagent systems: a modern approach to distributed artificial intelligence},
	pages={337--421},
	year={1999},
	publisher={MIT Press Cambridge, MA}
}
@article{leitao2009agent,
	title={Agent-based distributed manufacturing control: A state-of-the-art survey},
	author={Leit{\~a}o, Paulo},
	journal={Engineering Applications of Artificial Intelligence},
	volume={22},
	number={7},
	pages={979--991},
	year={2009},
	publisher={Elsevier}
}
@inproceedings{rosa2009intelligent,
	title={Intelligent agent-based environment to coordinate maintenance schedule discussions},
	author={Rosa, M and Miranda, V and Matos, M and Sheble, G and Silva, AM},
	booktitle={Intelligent System Applications to Power Systems, 2009. ISAP'09. 15th International Conference on},
	pages={1--7},
	year={2009},
	organization={IEEE}
}
@article{monostori2006agent,
	title={Agent-based systems for manufacturing},
	author={Monostori, L{\'a}szl{\'o} and V{\'a}ncza, J{\'o}zsef and Kumara, Soundar RT},
	journal={CIRP Annals-Manufacturing Technology},
	volume={55},
	number={2},
	pages={697--720},
	year={2006},
	publisher={Elsevier}
}
@inproceedings{giret2005multi,
	title={A multi agent methodology for holonic manufacturing systems},
	author={Giret, Adriana},
	booktitle={Proceedings of the fourth international joint conference on Autonomous agents and multiagent systems},
	pages={1375--1375},
	year={2005},
	organization={ACM}
}
@article{van1998reference,
	title={Reference architecture for holonic manufacturing systems: PROSA},
	author={Van Brussel, Hendrik and Wyns, Jo and Valckenaers, Paul and Bongaerts, Luc and Peeters, Patrick},
	journal={Computers in industry},
	volume={37},
	number={3},
	pages={255--274},
	year={1998},
	publisher={Elsevier}
}
@article{muller2008concept,
	title={On the concept of e-maintenance: Review and current research},
	author={Muller, Alexandre and Marquez, Adolfo Crespo and Iung, Beno{\^\i}t},
	journal={Reliability Engineering \& System Safety},
	volume={93},
	number={8},
	pages={1165--1187},
	year={2008},
	publisher={Elsevier}
}
@inproceedings{palmer2003decentralized,
	title={Decentralized cooperative auction for multiple agent task allocation using synchronized random number generators},
	author={Palmer, Daniel and Kirschenbaum, Marc and Murton, Jon and Zajac, Kelly and Kovacina, M and Vaidyanathan, Ravi},
	booktitle={Intelligent Robots and Systems, 2003.(IROS 2003). Proceedings. 2003 IEEE/RSJ International Conference on},
	volume={2},
	pages={1963--1968},
	year={2003},
	organization={IEEE}
}
@article{sharif2012yard,
	title={Yard crane scheduling at container terminals: A comparative study of centralized and decentralized approaches},
	author={Sharif, Omor and Huynh, Nathan},
	journal={Maritime economics \& logistics},
	volume={14},
	number={2},
	pages={139--161},
	year={2012},
	publisher={Springer}
}
@article{leitao2016smart,
	title={Smart Agents in Industrial Cyber--Physical Systems},
	author={Leitao, Paulo and Karnouskos, Stamatis and Ribeiro, Luis and Lee, Jay and Strasser, Thomas and Colombo, Armando W},
	journal={Proceedings of the IEEE},
	volume={104},
	number={5},
	pages={1086--1101},
	year={2016},
	publisher={IEEE}
}
@article{harjunkoski2009integration,
	title={Integration of scheduling and control -- {T}heory or practice?},
	author={Harjunkoski, Iiro and Nystr{\"o}m, Rasmus and Horch, Alexander},
	journal={Computers \& Chemical Engineering},
	volume={33},
	number={12},
	pages={1909--1918},
	year={2009},
	publisher={Elsevier}
}
@article{engell2012optimal,
	title={Optimal operation: Scheduling, advanced control and their integration},
	author={Engell, Sebastian and Harjunkoski, Iiro},
	journal={Computers \& Chemical Engineering},
	volume={47},
	pages={121--133},
	year={2012},
	publisher={Elsevier}
}
@book{pinedo2005planning,
	title={Planning and scheduling in manufacturing and services},
	author={Pinedo, Michael},
	volume={24},
	year={2005},
	publisher={Springer}
}
@book{shen2003multi,
	title={Multi-agent systems for concurrent intelligent design and manufacturing},
	author={Shen, Weiming and Norrie, Douglas H and Barth{\`e}s, Jean-Paul},
	year={2003},
	publisher={CRC press}
}
@article{shoham1993agent,
	title={Agent-oriented programming},
	author={Shoham, Yoav},
	journal={Artificial intelligence},
	volume={60},
	number={1},
	pages={51--92},
	year={1993},
	publisher={Elsevier}
}
@article{jennings2001automated,
	title={Automated negotiation: prospects, methods and challenges},
	author={Jennings, Nicholas R and Faratin, Peyman and Lomuscio, Alessio R and Parsons, Simon and Wooldridge, Michael J and Sierra, Carles},
	journal={Group Decision and Negotiation},
	volume={10},
	number={2},
	pages={199--215},
	year={2001},
	publisher={Springer}
}
@article{rahwan2009formal,
	title={A formal analysis of interest-based negotiation},
	author={Rahwan, Iyad and Pasquier, Philippe and Sonenberg, Liz and Dignum, Frank},
	journal={Annals of Mathematics and Artificial Intelligence},
	volume={55},
	number={3-4},
	pages={253--276},
	year={2009},
	publisher={Springer}
}
@article{duffie1994real,
	title={Real-time distributed scheduling of heterarchical manufacturing systems},
	author={Duffie, Neil A and Prabhu, Vittaldas V},
	journal={Journal of Manufacturing Systems},
	volume={13},
	number={2},
	pages={94--107},
	year={1994},
	publisher={Elsevier}
}
@inproceedings{ren2004multi,
	title={A multi-agent-based, remote maintenance support and management system},
	author={Ren, Yu and Luqing, Ye and Chuang, Fu},
	booktitle={Intelligent Agent Technology, 2004.(IAT 2004). Proceedings. IEEE/WIC/ACM International Conference on},
	pages={496--499},
	year={2004},
	organization={IEEE}
}
@article{schramm2013bilateral,
	title={A bilateral and multi-issue negotiation framework to support a supply chain of construction industry},
	author={Schramm, Fernando and Morais, Danielle Costa},
	journal={Pesquisa Operacional},
	volume={33},
	number={3},
	pages={491--512},
	year={2013},
	publisher={SciELO Brasil}
}
@article{baarslag2013evaluating,
	title={Evaluating practical negotiating agents: Results and analysis of the 2011 international competition},
	author={Baarslag, Tim and Fujita, Katsuhide and Gerding, Enrico H and Hindriks, Koen and Ito, Takayuki and Jennings, Nicholas R and Jonker, Catholijn and Kraus, Sarit and Lin, Raz and Robu, Valentin and others},
	journal={Artificial Intelligence},
	volume={198},
	pages={73--103},
	year={2013},
	publisher={Elsevier}
}
@article{kraus1995multiagent,
	title={Multiagent negotiation under time constraints},
	author={Kraus, Sarit and Wilkenfeld, Jonathan and Zlotkin, Gilad},
	journal={Artificial intelligence},
	volume={75},
	number={2},
	pages={297--345},
	year={1995},
	publisher={Elsevier}
}
@article{wong2010multi,
	title={A multi-agent protocol for multilateral negotiations in supply chain management},
	author={Wong, TN and Fang, Fang},
	journal={International Journal of Production Research},
	volume={48},
	number={1},
	pages={271--299},
	year={2010},
	publisher={Taylor \& Francis}
}
@article{abedin2014agenda,
	title={An agenda based multi issue negotiation approach},
	author={Abedin, Fahmida and Chao, Kuo-Ming and Godwin, Nick},
	journal={Journal of Ambient Intelligence and Humanized Computing},
	volume={5},
	number={4},
	pages={455--473},
	year={2014},
	publisher={Springer}
}
@article{lang2015collaborative,
	title={Collaborative machine scheduling: Challenges of individually optimizing behavior},
	author={Lang, Fabian and Fink, Andreas},
	journal={Concurrency and Computation: Practice and Experience},
	volume={27},
	number={11},
	pages={2869--2888},
	year={2015},
	publisher={Wiley Online Library}
}

@article{lai2004literature,
	title={Literature review on multi-attribute negotiations},
	author={Lai, Guoming and Li, Cuihong and Sycara, Katia and Giampapa, Joseph},
	journal={Robotics Inst., Carnegie Mellon Univ., Pittsburgh, PA, Tech. Rep. CMU-RI-TR-04-66},
	year={2004},
	publisher={Citeseer}
}
@article{li2013automated,
	title={Automated negotiation in open and distributed environments},
	author={Li, Minyi and Vo, Quoc Bao and Kowalczyk, Ryszard and Ossowski, Sascha and Kersten, Gregory},
	journal={Expert Systems with Applications},
	volume={40},
	number={15},
	pages={6195--6212},
	year={2013},
	publisher={Elsevier}
}
@article{marsa2014problems,
	title={From problems to protocols: Towards a negotiation handbook},
	author={Marsa-Maestre, Ivan and Klein, Mark and Jonker, Catholijn M and Aydo{\u{g}}an, Reyhan},
	journal={Decision Support Systems},
	volume={60},
	pages={39--54},
	year={2014},
	publisher={Elsevier}
}
@article{mahar2012agent,
	title={Agent Oriented Software Development},
	author={Mahar, Sapna and Bhatia, Pradeep K},
	journal={International Journal of Software Engineering Research and Practices},
	volume={1},
	number={4},
	pages={17--23},
	year={2012}
}
@phdthesis{di2015multi,
	title={Multi-agent automated negotiation for management of services in smart cities},
	author={Di Nocera, Dario},
	year={2015},
	publisher={Universit{\`a} degli Studi di Napoli Federico II}
}
@article{fatima2014negotiation,
	title={The Negotiation Game},
	author={Fatima, Shaheen and Kraus, Sarit and Wooldridge, Michael},
	journal={IEEE Intelligent Systems},
	volume={29},
	number={5},
	pages={57--61},
	year={2014},
	publisher={IEEE}
}
@article{beheshti2014homan,
	title={HOMAN, a learning based negotiation method for holonic multi-agent systems},
	author={Beheshti, Rahmatollah and Mozayani, Nasser},
	journal={Journal of Intelligent \& Fuzzy Systems},
	volume={26},
	number={2},
	pages={655--666},
	year={2014},
	publisher={IOS Press}
}
@article{bruccoleri2005production,
	title={Production planning in reconfigurable enterprises and reconfigurable production systems},
	author={Bruccoleri, M and Nigro, G Lo and Perrone, G and Renna, P and La Diega, S Noto},
	journal={CIRP Annals-Manufacturing Technology},
	volume={54},
	number={1},
	pages={433--436},
	year={2005},
	publisher={Elsevier}
}
@article{de2015automated,
	title={Automated negotiation for resource assignment in wireless surveillance sensor networks},
	author={de la Hoz, Enrique and Gimenez-Guzman, Jose Manuel and Marsa-Maestre, Ivan and Orden, David},
	journal={Sensors},
	volume={15},
	number={11},
	pages={29547--29568},
	year={2015},
	publisher={Multidisciplinary Digital Publishing Institute}
}
@inproceedings{endriss2006monotonic,
	title={Monotonic concession protocols for multilateral negotiation},
	author={Endriss, Ulle},
	booktitle={Proceedings of the fifth international joint conference on Autonomous agents and multiagent systems},
	pages={392--399},
	year={2006},
	organization={ACM}
}
@article{leitao2013past,
	title={Past, present, and future of industrial agent applications},
	author={Leit{\~a}o, Paulo and Ma{\v{r}}{\'\i}k, Vladim{\'\i}r and Vrba, Pavel},
	journal={IEEE Transactions on Industrial Informatics},
	volume={9},
	number={4},
	pages={2360--2372},
	year={2013},
	publisher={IEEE}
}
@article{vrba2011rockwell,
	title={Rockwell automation's holonic and multiagent control systems compendium},
	author={Vrba, Pavel and Tich{\`y}, Pavel and Ma{\v{r}}{\'\i}k, Vladim{\'\i}r and Hall, Kenwood H and Staron, Raymond J and Maturana, Francisco P and Kadera, Petr},
	journal={IEEE Transactions on Systems, Man, and Cybernetics, Part C (Applications and Reviews)},
	volume={41},
	number={1},
	pages={14--30},
	year={2011},
	publisher={IEEE}
}
@inproceedings{wu2009efficient,
	title={Efficient methods for multi-agent multi-issue negotiation: allocating resources},
	author={Wu, Mengxiao and de Weerdt, Mathijs and La Poutr{\'e}, Han},
	booktitle={International Conference on Principles and Practice of Multi-Agent Systems},
	pages={97--112},
	year={2009},
	organization={Springer}
}
@article{rahwan2003argumentation,
	title={Argumentation-based negotiation},
	author={Rahwan, Iyad and Ramchurn, Sarvapali D and Jennings, Nicholas R and Mcburney, Peter and Parsons, Simon and Sonenberg, Liz},
	journal={The Knowledge Engineering Review},
	volume={18},
	number={04},
	pages={343--375},
	year={2003},
	publisher={Cambridge Univ Press}
}


@incollection{leppanen2014mobile,
	title={Mobile agents-based smart objects for the internet of things},
	author={Lepp{\"a}nen, Teemu and Riekki, Jukka and Liu, Meirong and Harjula, Erkki and Ojala, Timo},
	booktitle={Internet of Things Based on Smart Objects},
	pages={29--48},
	year={2014},
	publisher={Springer}
}
@inproceedings{konolige1980multiple,
	title={Multiple-agent planning systems},
	author={Konolige, Kurt and Nilsson, Nils J},
	booktitle={AAAI},
	volume={80},
	pages={138--142},
	year={1980}
}

@incollection{beheshti2016negotiations,
	title={Negotiations in holonic multi-agent systems},
	author={Beheshti, Rahmatollah and Barmaki, Roghayeh and Mozayani, Nasser},
	booktitle={Recent Advances in Agent-based Complex Automated Negotiation},
	pages={107--118},
	year={2016},
	publisher={Springer}
}

@article{kravari2015survey,
	title={A survey of agent platforms},
	author={Kravari, Kalliopi and Bassiliades, Nick},
	journal={Journal of Artificial Societies and Social Simulation},
	volume={18},
	number={1},
	pages={11},
	year={2015}
}

@misc{brandl2008ISA, 
	title={What is ISA-95? Industrial Best Practices of Manufacturing Information Technologies with ISA-95 Models}, 
	url={http://apsom.org/docs/t061_isa95-04.pdf}, 
	journal={T061_isa95-04.pdf}, 
	publisher={BR&L Consulting}, 
	author={Brandl, Dennis and {BR\&L Consulting}}, 
	year={2008}, 
	month={May}
}

@article{monostori2016cyber,
title = {Cyber-physical systems in manufacturing},
author = {Monostori, L. and Kadar, B. and Bauernhansl, T. and Kondoh, S. and Kumar, S. and Reinhart, G. and Sauer, O. and Schuh, G. and Sihn, W. and Ueda, K.},
journal = {CIRP Annals -- Manufacturing Technology},
year = {2016},
volume = {65},
number = {2},
pages = {621--641},

}
@article{zheng2015automated,
	title={Automated Multilateral Negotiation on Multiple Issues with Private Information},
	author={Zheng, Ronghuo and Chakraborty, Nilanjan and Dai, Tinglong and Sycara, Katia},
	journal={Available at SSRN 2677729},
	year={2015}
}

@book{boyd2004convex,
	title={Convex optimization},
	author={Boyd, Stephen and Vandenberghe, Lieven},
	year={2004},
	publisher={Cambridge university press}
}
@article{rubinstein1982perfect,
	title={Perfect equilibrium in a bargaining model},
	author={Rubinstein, Ariel},
	journal={Econometrica: Journal of the Econometric Society},
	pages={97--109},
	year={1982},
	publisher={JSTOR}
}
@book{rosenschein1994rules,
	title={Rules of encounter: designing conventions for automated negotiation among computers},
	author={Rosenschein, Jeffrey S and Zlotkin, Gilad},
	year={1994},
	publisher={MIT press}
}
@article{nash1950bargaining,
	title={The bargaining problem},
	author={Nash Jr, John F},
	journal={Econometrica: Journal of the Econometric Society},
	pages={155--162},
	year={1950},
	publisher={JSTOR}
}
@article{roth1977individual,
	title={Individual rationality and Nash's solution to the bargaining problem},
	author={Roth, Alvin E},
	journal={Mathematics of Operations Research},
	volume={2},
	number={1},
	pages={64--65},
	year={1977},
	publisher={INFORMS}
}
@article{lensberg1988stability,
	title={Stability and the Nash solution},
	author={Lensberg, Terje},
	journal={Journal of Economic Theory},
	volume={45},
	number={2},
	pages={330--341},
	year={1988},
	publisher={Elsevier}
}